@MANUAL{svgspec,
    title = "Scalable Vector Graphics (SVG) 1.1 Specification {[online]}",
    organization = "WWW Consorcium",
    url = "http://www.w3.org/TR/2003/REC-SVG11-20030114/",
    note = "[cit. 2011-07-07]",
    key = "svg"
}

@INBOOK{kobltypo,
	title = "Praktick{\' a} typografie",
	author = "Pavel Ko{\v c}i{\v c}ka and Filip Bla{\v z}ek",
	publisher = "Brno: Computer Press",
	year = "2004"
}

@BOOK{rybicka,
	title = "LaTeX pro za\v c\'ate\v cn\'\i{}ky",
	author = "Ji{\v r}{\' i} Rybi{\v c}ka",
	isbn = "80-7302-049-1",
	publisher = "Brno: Konvoj",
	edition = "3"
}

@MANUAL{iso690,
	organization = "\'U\v rad pro technickou normalizaci, metrologii a st\'atn\'\i{} zku\v sebnictv\'\i{}",
	title = "\v CSN ISO 690 Informace a dokumentace -- Pravidla pro bibliografick\'e odkazy a citace informa\v cn\'\i{}ch zdroj{\r u}",
	year = "2011"
}


@ARTICLE {sitova-karta-s-fpga-xilinx,
    title  = "Síťová karta s FPGA Xilinx pro 1 a 10GbE",
    journal = "V: Pandatron - elektrotechnický magazín {[online]}",
    howpublished = "[online]",
    month  = "červen",
    year   = "2013",
    note = "[cit. 2015-10-31]",
    url    = "http://pandatron.cz/?2939&sitova_karta_s_fpga_xilinx_pro_1_a_10gbe"
}





@INBOOK{msr_1,
  title = "International Workshop on Mining Software Repositories",
  author = "Ahmed E. Hassan and Richard C. Holt and Audris Mockus",
  publisher = "Proceedings of the 26th International Conference on Software Engineering (ICSE’04)",
  year = "2004"
}

@INBOOK{msr_2,
  title = "Mining Version Control Systems for FACs",
  author = "Filip Van Rysselberghe and Serge Demeyer",
  publisher = "International Workshop on Mining Software Repositories",
  year = "2004"
}

@INBOOK{scc_pre,
  title = "A Parallel and Efficient Approach to Large Scale Clone Detection",
  author = "Hitesh Sajnani and Cristina Lopes",
  publisher = "7th International Workshop on Software Clones (IWSC)",
  year = "2013"
}

@INBOOK{scc_1,
  title = "SourcererCC: Scaling Code Clone Detection to Big Code",
  author = "Hitesh Sajnani and Vaibhav Saini and Jeffrey Svajlenko and Chanchal K. Roy and Cristina V. Lopes",
  publisher = "Proceedings of the 38th International Conference on Software Engineering",
  year = "2016"
}


@INBOOK{jsnice,
  title = "Predicting Program Properties from “Big Code”",
  author = "Veselin Raychev and Martin Vechev and Andreas Krause",
  publisher = "42nd ACM SIGPLAN-SIGACT Symposium on Principles of Programming Languages",
  year = "2015"
}

@INBOOK{js_dynamics,
  title = "A look at the dynamics of the JavaScript package ecosystem",
  author = "Erik Wittern and Philippe Suter and Shriram Rajagopalan",
  publisher = "Proceedings of the 13th International Conference on Mining Software",
  year = "2016"
}



@INBOOK{boa_intro,
  title = "Boa: A Language and Infrastructure for Analyzing Ultra-Large-Scale Software Repositories",
  author = "Robert Dyer and Hoan Anh Nguyen and Hridesh Rajan and Tien N. Nguyen",
  publisher = "Proceedings of the 2013 International Conference on Software Engineering",
  year = "2013"
}

@INBOOK{muse_mit1,
  title = "Automatic Error Elimination by Horizontal Code Transfer Across Multiple Applications",
  author = "Stelios Sidiroglou-Douskos and Eric Lahtinen and Fan Long and Martin Rinard",
  publisher = "Proceedings of the 36th ACM SIGPLAN Conference on Programming Language Design and Implementation",
  year = "2015"
}

@INBOOK{muse_mit2,
  title = "Automatic Patch Generation by Learning Correct Code",
  author = "Fan Long and Martin Rinard",
  publisher = "Proceedings of the 43rd Annual ACM SIGPLAN-SIGACT Symposium on Principles of Programming Languages",
  year = "2016"
}


@BOOK{bigdata,
  title = "New Horizons for a Data-Driven Economy",
  author = "José María Cavanillas and Edward Curry and Wolfgang Wahlster",
  isbn = "978-3-319-21569-3",
  publisher = "SpringerOpen",
  year = "2016"
}

@inproceedings{ghtorrent,
  author = {Gousios, Georgios},
  title = {The GHTorrent dataset and tool suite},
  booktitle = {Proceedings of the 10th Working Conference on Mining Software
    Repositories},
  series = {MSR '13},
  year = {2013},
  isbn = {978-1-4673-2936-1},
  location = {San Francisco, CA, USA},
  pages = {233--236},
  numpages = {4},
  url = {http://dl.acm.org/citation.cfm?id=2487085.2487132},
  acmid = {2487132},
  publisher = {IEEE Press},
  address = {Piscataway, NJ, USA},
}

@MISC{darpa,
  title = {MUSE Envisions Mining “Big Code” to Improve Software Reliability and Construction},
  howpublished = {\url{http://www.darpa.mil/news-events/2014-03-06a}},
  note = {Accessed: 2017-02-10}
}

@MISC{muse,
  title = {Mining and Understanding Software Enclaves (MUSE)},
  howpublished = {\url{http://www.darpa.mil/program/mining-and-understanding-software-enclaves}},
  note = {Accessed: 2017-02-10}
}

@MISC{so1,
  title = {StackOverflow Developer Survey Results 2016},
  howpublished = {\url{http://stackoverflow.com/research/developer-survey-2016}},
  note = {Accessed: 2017-02-10}
}

@MISC{couchdb_api,
  title = {Apache CouchDB 2.0 Documentation: HTTP API Reference},
  howpublished = {\url{http://docs.couchdb.org/en/2.0.0/http-api.html}},
  note = {Accessed: 2017-02-10}
}

@MISC{scc_gh,
  title = {GitHub: Mondego/SourcererCC},
  howpublished = {\url{https://github.com/Mondego/SourcererCC}},
  note = {Accessed: 2017-02-10}
}

@MISC{tiobe_index,
  title = {TIOBE Index for January 2017},
  howpublished = {\url{http://www.tiobe.com/tiobe-index/}},
  note = {Accessed: 2017-02-10}
}

@MISC{pypl_index,
  title = {PYPL PopularitY of Programming Language},
  howpublished = {\url{http://pypl.github.io/PYPL.html}},
  note = {Accessed: 2017-02-10}
}


@MISC{githut,
  title = {GitHut},
  howpublished = {\url{http://githut.info}},
  note = {Accessed: 2017-02-10}
}

@MISC{modulecounts,
  title = {Modulecounts},
  howpublished = {\url{http://www.modulecounts.com}},
  note = {Accessed: 2017-02-10}
}

@MISC{modulecounts_gh,
  title = {GitHub: edebill/modulecounts},
  howpublished = {\url{https://github.com/edebill/modulecounts}},
  note = {Accessed: 2017-02-10}
}

@MISC{npm_discover,
  title = {npm Discover},
  howpublished = {\url{http://www.npmdiscover.com}},
  note = {Accessed: 2017-02-10}
}


@MISC{npm_by_numbers,
  title = {NPM by numbers},
  howpublished = {\url{http://npmbynumbers.bocoup.com}},
  note = {Accessed: 2017-02-10}
}


@MISC{npm_npm_by_numbers_gh,
  title = {GitHub: iros/npm-by-numbers-analysis},
  howpublished = {\url{https://github.com/iros/npm-by-numbers-analysis/}},
  note = {Accessed: 2017-02-10}
}


@MISC{npm_stats,
  title = {NPM Stats},
  howpublished = {\url{http://www.npm-stats.com}},
  note = {Accessed: 2017-02-10}
}


@MISC{npm_stat,
  title = {NPM Stat},
  howpublished = {\url{http://www.npm-stat.com}},
  note = {Accessed: 2017-02-10}
}


@MISC{gh_licenses_share,
  title = {Open source license usage on GitHub.com},
  howpublished = {\url{https://github.com/blog/1964-open-source-license-usage-on-github-com}},
  note = {Accessed: 2017-02-10}
}


@MISC{gh_plc,
  title = {Github Programming Language Classification},
  howpublished = {\url{https://ml.berkeley.edu/blog/2016/12/03/github/}},
  note = {Accessed: 2017-02-10}
}


@MISC{se_dump,
  title = {Stack Exchange Data Dump},
  howpublished = {\url{https://archive.org/details/stackexchange}},
  note = {Accessed: 2017-02-10}
}

@MISC{bq_tabs_vs_spaces,
  title = {400,000 GitHub repositories, 1 billion files, 14 terabytes of code: Spaces or Tabs?},
  howpublished = {\url{https://medium.com/@hoffa/400-000-github-repositories-1-billion-files-14-terabytes-of-code-spaces-or-tabs-7cfe0b5dd7fd#.3apqgmxqg}},
  note = {Accessed: 2017-02-10}
}

@MISC{bq_jshint,
  title = {Static JavaScript code analysis inside a SQL query: JSHint + GitHub + BigQuery},
  howpublished = {\url{https://medium.com/google-cloud/static-javascript-code-analysis-within-bigquery-ed0e3011732c#.pb2dhvg9b}},
  note = {Accessed: 2017-02-10}
}

@MISC{bq_java_imports,
  title = {Imports in Java from 2013 to 2016: Winners and losers},
  howpublished = {\url{https://medium.com/google-cloud/imports-in-java-from-2013-to-2016-winners-and-losers-2a9640056022#.kbq4thdum}},
  note = {Accessed: 2017-02-10}
}

@MISC{bq_angular,
  title = {Top angular directives on github, including custom directives},
  howpublished = {\url{https://kozikow.com/2016/07/01/top-angular-directives-on-github/}},
  note = {Accessed: 2017-02-10}
}

@MISC{bq_go,
  title = {Analyzing Go code with BigQuery},
  howpublished = {\url{https://medium.com/google-cloud/analyzing-go-code-with-bigquery-485c70c3b451#.3moova43k}},
  note = {Accessed: 2017-02-10}
}

@MISC{gharchive,
  title = {GitHub Archive},
  howpublished = {\url{https://www.githubarchive.org}},
  note = {Accessed: 2017-02-10}
}

@MISC{gh_api,
  title = {GitHub V3 API},
  howpublished = {\url{https://developer.github.com/v3}},
  note = {Accessed: 2017-02-10}
}

@MISC{gh_limits,
  title = {GitHub V3 API: Rate Limit},
  howpublished = {\url{https://developer.github.com/v3/rate_limit/}},
  note = {Accessed: 2017-02-10}
}

@MISC{gh_search,
  title = {GitHub V3 API: Search},
  howpublished = {\url{https://developer.github.com/v3/search/#rate-limit}},
  note = {Accessed: 2017-02-10}
}


@MISC{gh_forks,
  title = {GitHub V3 API: Forks},
  howpublished = {\url{https://help.github.com/articles/fork-a-repo/}},
  note = {Accessed: 2017-02-10}
}


@MISC{gh_events,
  title = {GitHub V3 API: Event Types and Payloads},
  howpublished = {\url{https://developer.github.com/v3/activity/events/types/}},
  note = {Accessed: 2017-02-10}
}

@MISC{gh_tokenizer_source,
  title = {GitHub: jakubzitny/SourcererCC},
  howpublished = {\url{https://git.io/vMWX1}},
  note = {Accessed: 2017-02-10}
}

@MISC{boa_web,
  title = {About the Boa Language and Infrastructure},
  howpublished = {\url{http://boa.cs.iastate.edu}},
  note = {Accessed: 2017-02-10}
}

@MISC{npm,
  title = {What is npm?},
  howpublished = {\url{https://docs.npmjs.com/getting-started/what-is-npm}},
  note = {Accessed: 2017-02-10}
}

@MISC{npm_gh_api,
  title = {all-package-metadata.js},
  howpublished = {\url{https://git.io/vM8x1}},
  note = {Accessed: 2017-02-10}
}

@MISC{npm_packagejson,
  title = {Specifics of npm's package.json handling},
  howpublished = {\url{https://docs.npmjs.com/files/package.json}},
  note = {Accessed: 2017-02-10}
}

@MISC{npm_arch,
  title = {New npm Registry Architecture},
  howpublished = {\url{http://blog.npmjs.org/post/75707294465/new-npm-registry-architecture}},
  note = {Accessed: 2017-02-10}
}

@MISC{npms,
  title = {NPMS About},
  howpublished = {\url{https://npms.io/about}},
  note = {Accessed: 2017-02-10}
}

@MISC{npms_arch,
  title = {NPMS Architecture},
  howpublished = {\url{https://github.com/npms-io/npms-analyzer/blob/master/docs/architecture.md}},
  note = {Accessed: 2017-02-10}
}

@MISC{david,
  title = {David},
  howpublished = {\url{https://david-dm.org}},
  note = {Accessed: 2017-02-10}
}

@MISC{muse_colo,
  title = {Mining and Understanding Bug Fixes for App-Framework Protocol Defects},
  howpublished = {\url{http://www.cs.colorado.edu/~bec/talks/fixr-feb2016-techslides.pdf}},
  note = {Accessed: 2017-02-10}
}

@MISC{lib_esprima,
  title = {Esprima},
  howpublished = {\url{http://esprima.org/doc/index.html}},
  note = {Accessed: 2017-02-10}
}

@MISC{nsp,
  title = {Announcing The Node Security Platform},
  howpublished = {\url{https://medium.com/node-security/announcing-the-node-security-platform-28c99f872688#.hjvzy27dy}},
  note = {Accessed: 2017-02-10}
}

@MISC{react_gh,
  title = {GitHub: facebook/react},
  howpublished = {\url{https://github.com/facebook/react}},
  note = {Accessed: 2017-02-10}
}

@MISC{license_gpl,
  title = {GNU General Public License},
  howpublished = {\url{https://www.gnu.org/licenses/gpl.html}},
  note = {Accessed: 2017-02-10}
}

@MISC{license_gpl2,
  title = {GNU General Public License, version 2},
  howpublished = {\url{https://www.gnu.org/licenses/old-licenses/gpl-2.0.html}},
  note = {Accessed: 2017-02-10}
}

@MISC{license_agpl1,
  title = {AFFERO GENERAL PUBLIC LICENSE},
  howpublished = {\url{http://www.affero.org/oagpl.html}},
  note = {Accessed: 2017-02-10}
}

@MISC{license_agpl2,
  title = {AFFERO GENERAL PUBLIC LICENSE, Version 2},
  howpublished = {\url{http://www.affero.org/agpl2.html}},
  note = {Accessed: 2017-02-10}
}

@MISC{license_agpl3,
  title = {GNU Affero General Public License},
  howpublished = {\url{https://www.gnu.org/licenses/agpl-3.0.en.html}},
  note = {Accessed: 2017-02-10}
}

@MISC{license_lgpl20,
  title = {GNU Library General Public License, version 2.0},
  howpublished = {\url{https://www.gnu.org/licenses/old-licenses/lgpl-2.0.html}},
  note = {Accessed: 2017-02-10}
}

@MISC{license_lgpl21,
  title = {GNU Lesser General Public License, version 2.1},
  howpublished = {\url{https://www.gnu.org/licenses/old-licenses/lgpl-2.1.html}},
  note = {Accessed: 2017-02-10}
}

@MISC{license_lgpl3,
  title = {GNU Lesser General Public License},
  howpublished = {\url{https://www.gnu.org/licenses/lgpl-3.0.en.html}},
  note = {Accessed: 2017-02-10}
}

@MISC{license_wtfpl,
  title = {Do What the Fuck You Want to Public License},
  howpublished = {\url{http://www.wtfpl.net/about/}},
  note = {Accessed: 2017-02-10}
}

@MISC{license_ccs,
  title = {About The Licenses},
  howpublished = {\url{https://creativecommons.org/licenses/}},
  note = {Accessed: 2017-02-10}
}

@MISC{license_mit,
  title = {The MIT License},
  howpublished = {\url{https://opensource.org/licenses/MIT}},
  note = {Accessed: 2017-02-10}
}

@MISC{license_bsd2,
  title = {The 2-Clause BSD License},
  howpublished = {\url{https://opensource.org/licenses/BSD-2-Clause}},
  note = {Accessed: 2017-02-10}
}

@MISC{license_bsd3,
  title = {The 3-Clause BSD License},
  howpublished = {\url{https://opensource.org/licenses/BSD-3-Clause}},
  note = {Accessed: 2017-02-10}
}

@MISC{license_bsd4,
  title = {BSD-4-Clause (University of California-Specific)},
  howpublished = {\url{https://spdx.org/licenses/BSD-4-Clause-UC.html}},
  note = {Accessed: 2017-02-10}
}

@MISC{blink,
  title = {Blink: A rendering engine for the Chromium project},
  howpublished = {\url{https://blog.chromium.org/2013/04/blink-rendering-engine-for-chromium.html}},
  note = {Accessed: 2017-02-10}
}

@MISC{iojs,
  title = {Why io.js decided to fork Node.js},
  howpublished = {\url{http://www.infoworld.com/article/2855057/application-development/why-iojs-decided-to-fork-nodejs.html}},
  note = {Accessed: 2017-02-10}
}

@MISC{iojs2,
  title = {io.js FAQ},
  howpublished = {\url{https://iojs.org/en/faq.html}},
  note = {Accessed: 2017-02-10}
}

@MISC{iojs3,
  title = {Node.js Foundation Combines Node.js and io.js Into Single Codebase in New Release},
  howpublished = {\url{https://nodejs.org/en/blog/announcements/foundation-v4-announce/}},
  note = {Accessed: 2017-02-10}
}

@MISC{so_api,
  title = {Stack Exchange API v2.2},
  howpublished = {\url{https://api.stackexchange.com/docs}},
  note = {Accessed: 2017-02-10}
}

@MISC{js_make,
  title = {The Universal Makefile for JavaScript},
  howpublished = {\url{http://kvz.io/blog/2016/02/18/a-universal-makefile-for-javascript/}},
  note = {Accessed: 2017-02-10}
}

@MISC{gruntgulp,
  title = {Gulp vs Grunt. Why one? Why the Other?},
  howpublished = {\url{https://medium.com/@preslavrachev/gulp-vs-grunt-why-one-why-the-other-f5d3b398edc4#.rd8fuu7vr}},
  note = {Accessed: 2017-02-10}
}

@MISC{gitignore,
  title = {Things Every Node Developer Should Add to Their .gitignore},
  howpublished = {\url{https://chaseadams.io/2015/07/my-gitignore-conventions/}},
  note = {Accessed: 2017-02-10}
}

@MISC{largest,
  title = {1m.js},
  howpublished = {\url{https://git.io/vM4YO}},
  note = {Accessed: 2017-02-10}
}

@MISC{longest,
  title = {1.full.js},
  howpublished = {\url{https://git.io/vM4ip}},
  note = {Accessed: 2017-02-10}
}


@MISC{yarnlock,
  title = {yarn.lock},
  howpublished = {\url{https://yarnpkg.com/en/docs/yarn-lock}},
  note = {Accessed: 2017-02-10}
}


@MISC{shrinkwrap,
  title = {Lock down dependency versions},
  howpublished = {\url{https://docs.npmjs.com/cli/shrinkwrap}},
  note = {Accessed: 2017-02-10}
}

@MISC{starring,
  title = {GitHub API: Starring},
  howpublished = {\url{https://developer.github.com/v3/activity/starring/}},
  note = {Accessed: 2017-02-10}
}

@MISC{watching,
  title = {GitHub API: Watching},
  howpublished = {\url{https://developer.github.com/v3/activity/watching/}},
  note = {Accessed: 2017-02-10}
}


@MISC{fcc,
  title = {FreeCodeCamp/FreeCodeCamp},
  howpublished = {\url{https://github.com/FreeCodeCamp/FreeCodeCamp}},
  note = {Accessed: 2017-02-10}
}

@MISC{gh_angular,
  title = {angular/angular.js},
  howpublished = {\url{https://github.com/angular/angular.js}},
  note = {Accessed: 2017-02-10}
}
